@online {jensneuhaus,
    author = {Jens Neuhaus},
    year = {2017},
    title = {Angular vs. React vs. Vue: A 2017 comparison},
    url = {https://medium.com/unicorn-supplies/angular-vs-react-vs-vue-a-2017-comparison-c5c52d620176}
}

@online {nesteddocker,
    author = {Jérôme Petazzoni (jpetazzo)},
    year = {2015},
    title = {Using Docker-in-Docker for your CI or testing environment? Think twice.},
    url = {https://jpetazzo.github.io/2015/09/03/do-not-use-docker-in-docker-for-ci/}
}

@online {rudylee,
    author = {Rudy Lee},
    year = {2016},
    title = {HAProxy and A/B Testing},
    url = {http://blog.rudylee.com/2016/04/13/haproxy-and-a-slash-b-testing/}
}

@book{1986ansi,
  title={ANSI/IEEE Std 1008-1987: IEEE Standard for Software Unit Testing},
  url={https://books.google.se/books?id=6WVnAQAACAAJ},
  year={1986},
  publisher={IEEE}
}

@online {clockwise,
    year = {2017},
    title = {Frontend frameworks showdown: Angular vs. React vs. Vue},
    url = {https://clockwise.software/blog/angular-vs-react-vs-vue}
}

@online {farmville,
    year = {2014},
    title = {What FarmVille Can Teach Us About Social Gamification},
    url = {https://www.learningsolutionsmag.com/articles/1592/what-farmville-can-teach-us-about-social-gamification}
}

@online {workshop,
    year = {2017},
    title = {Workshop},
    url = {https://www.aqr.org.uk/glossary/workshop}
}

@article{ref:dicheva,
  added-at = {2015-08-05T00:00:00.000+0200},
  author = {Dicheva, Darina and Dichev, Christo and Agre, Gennady and Angelova, Galia},
  biburl = {https://www.bibsonomy.org/bibtex/29726ebe998215b4f3ebcc87304ee5c71/dblp},
  ee = {http://www.ifets.info/journals/18_3/6.pdf},
  interhash = {96764490e30170026d9e5aae293275f3},
  intrahash = {9726ebe998215b4f3ebcc87304ee5c71},
  journal = {Educational Technology \& Society},
  keywords = {dblp},
  number = 3,
  pages = {75-88},
  timestamp = {2015-08-06T11:33:32.000+0200},
  title = {Gamification in Education: A Systematic Mapping Study.},
  url = {http://dblp.uni-trier.de/db/journals/ets/ets18.html#DichevaDAA15},
  volume = 18,
  year = 2015
}

@article{ref:deci,
  title={A meta-analytic review of experiments examining the effects of extrinsic rewards on intrinsic motivation.},
  author={Edward L. Deci and Richard Frank Koestner and Richard M. Ryan},
  journal={Psychological bulletin},
  year={1999},
  volume={125 6},
  pages={627-68; discussion 692-700}
}

@article{ref:uhr,
title = "The Model for Introduction of Gamification into E-learning in Higher Education",
journal = "Procedia - Social and Behavioral Sciences",
volume = "197",
pages = "388 - 397",
year = "2015",
note = "7th World Conference on Educational Sciences",
issn = "1877-0428",
doi = "https://doi.org/10.1016/j.sbspro.2015.07.154",
url = "http://www.sciencedirect.com/science/article/pii/S1877042815041555",
author = "Marko Urh and Goran Vukovic and Eva Jereb and Rok Pintar",
keywords = "e-learning, higher education, gamification, game mechanics, game dynamics"
}
